<record><leader>00000cas a22000007a 4500</leader><controlfield tag="001">29682476</controlfield><controlfield tag="008">940125d18341835nyuwr ne      0    0eng d</controlfield><datafield ind1=" " ind2=" " tag="010"><subfield code="a">sn 94057667 </subfield></datafield><datafield ind1=" " ind2=" " tag="040"><subfield code="a">NYS</subfield><subfield code="b">eng</subfield><subfield code="c">NYS</subfield><subfield code="d">OCL</subfield><subfield code="d">OCLCQ</subfield><subfield code="d">OCLCF</subfield><subfield code="d">OCLCO</subfield></datafield><datafield ind1="1" ind2=" " tag="029"><subfield code="a">AU@</subfield><subfield code="b">000010824345</subfield></datafield><datafield ind1=" " ind2=" " tag="042"><subfield code="a">msc</subfield></datafield><datafield ind1=" " ind2=" " tag="043"><subfield code="a">n-us-ny</subfield></datafield><datafield ind1="0" ind2=" " tag="130"><subfield code="a">Oswego Democrat (Oswego, N.Y.)</subfield></datafield><datafield ind1="1" ind2="4" tag="245"><subfield code="a">The Oswego Democrat.</subfield></datafield><datafield ind1=" " ind2=" " tag="260"><subfield code="a">Oswego [N.Y.] :</subfield><subfield code="b">George G. Foster</subfield></datafield><datafield ind1=" " ind2=" " tag="300"><subfield code="a">v.</subfield></datafield><datafield ind1=" " ind2=" " tag="310"><subfield code="a">Weekly</subfield></datafield><datafield ind1="1" ind2=" " tag="362"><subfield code="a">Began in 1834; ceased in 1835.</subfield><subfield code="z">Cf. French, J.H. Gazetteer of the state of N.Y., 1860.</subfield></datafield><datafield ind1=" " ind2=" " tag="588"><subfield code="a">Description based on: Vol. 1, no. 3 (May 23, 1834).</subfield></datafield><datafield ind1=" " ind2="0" tag="651"><subfield code="a">Oswego (N.Y.)</subfield><subfield code="v">Newspapers.</subfield></datafield><datafield ind1=" " ind2="0" tag="651"><subfield code="a">Oswego County (N.Y.)</subfield><subfield code="v">Newspapers.</subfield></datafield><datafield ind1=" " ind2="7" tag="655"><subfield code="a">Newspapers.</subfield><subfield code="2">fast</subfield><subfield code="0">(OCoLC)fst01423814</subfield></datafield><datafield ind1=" " ind2="7" tag="651"><subfield code="a">New York (State)</subfield><subfield code="z">Oswego.</subfield><subfield code="2">fast</subfield><subfield code="0">(OCoLC)fst01212851</subfield></datafield><datafield ind1=" " ind2="7" tag="651"><subfield code="a">New York (State)</subfield><subfield code="z">Oswego County.</subfield><subfield code="2">fast</subfield><subfield code="0">(OCoLC)fst01208853</subfield></datafield><datafield ind1=" " ind2=" " tag="752"><subfield code="a">United States</subfield><subfield code="b">New York</subfield><subfield code="c">Oswego</subfield><subfield code="d">Oswego.</subfield></datafield><datafield ind1="0" ind2="0" tag="780"><subfield code="t">Free press (Oswego, N.Y.)</subfield><subfield code="w">(DLC)sn 83031482</subfield><subfield code="w">(OCoLC)9886452</subfield></datafield></record>